@BOOK{ChenYhou1992,
  AUTHOR =       {Goong Chen and Jianxin Yhou},
  editor =       {},
  TITLE =        {Boundary {E}lement {M}ethods},
  PUBLISHER =    {Academic Press Limitid},
  YEAR =         {1992},
  address =      {24-28 Oval Road, London, NW1 7DX},
  volume =       {},
  number =       {},
  series =       {},
  edition =      {},
  month =        {},
  note =         {},
  abstract =     {},
  isbn =         {0-1-170840-X},
  price =        {},
  keywords =     {},
  source =       {},
}

@ARTICLE{Carlson1967,
   AUTHOR = {D. E. Carlson},
   TITLE = {On {G}\"unthers stress functions for couple stresses},
   JOURNAL = {Quart. Appl. Math.},
   YEAR = {1967},
   volume = {25},
   number = {2},
   pages = {139--146},
   month =        {},
   note =         {},
   abstract =     {},
   keywords =     {},
   source =       {},
}

@ARTICLE{DornSchield1956,
   AUTHOR = {W. S. Dorn and A. Schield},
   TITLE = {A converse of virtual work theorem for deformable
            solids},
   JOURNAL = {Quart. Appl. Math.},
   YEAR = {1956},
   volume = {14},
   number = {2},
   pages = {209--213},
   month =        {},
   note =         {},
   abstract =     {},
   keywords =     {},
   source =       {},
}

@INBOOK{Gurtin1972a,
  AUTHOR = {M. E. Gurtin},
  TITLE = {{H}andbuch der {P}hysik, {F}estk\"{o}rpermechanik},
  CHAPTER = {The {L}inear {T}heory of {E}lasticity},
  PUBLISHER = {Springer Verlag},
  YEAR = {1972},
  volume ={2},
  pages = {17, 57--60, 163--164},
  address = {Berlin, Heidleberg, NewYork},
  edition = {First},
  number =   {},
  series =   {},
  type =     {},
  month =    {},
  note =     {},
  abstract = {},
  keywords = {},
}

@INCOLLECTION{Gurtin1972,
  AUTHOR = {M. E. Gurtin},
  editor = {S. Fl\"ugge},
  BOOKTITLE = {{H}andbuch der {P}hysik, {F}estk\"{o}rpermechanik},
  TITLE = {The {L}inear {T}heory of {E}lasticity},
  PUBLISHER = {Springer Verlag},
  YEAR = {1972},
  volume ={2},
  pages = {17, 57--60, 163--164},
  address = {Berlin, Heidleberg, NewYork},
  edition = {First},
  number =   {},
  series =   {},
  type =     {},
  month =    {},
  note =     {},
  abstract = {},
  keywords = {},
}

@INPROCEEDINGS{Watson1986,
  AUTHOR =       {J. O. Watson},
  TITLE =        {Hermitian cubic and singular elements for plane strain},
  BOOKTITLE =    {Developments in {B}oundary {E}lements},
  YEAR =         {1986},
  editor =       {P. K. Banarjee and J. O. Watson},
  volume =       {4},
  address =      {},
  number =       {},
  series =       {},
  pages =        {1--28},
  month =        {},
  organization = {},
  publisher =    {Elsevier, New {Y}ork},
  note =         {},
  abstract =     {},
  keywords =     {},
}

@CONFERENCE{Zhou1989,
  author =       {Jianxin Zhou},
  title =        {Computation of eigenfunctions of two dimensional vibrating structures
                  by boundary element method},
  booktitle =    {Proceedings of 28th IEEE-CDC},
  year =         {1989},
  editor =       {},
  volume =       {},
  series =       {},
  pages  =       {2045--2049},
  address =      {},
  month =        {December},
  organization = {Tampa, Florida},
  publisher =    {},
  note =         {},
  key =          {},
  crossref =     {},
  annote =       {},
}

@CONFERENCE{Farkas1996,
  author =       {J\'ozsef Farkas and K\'aroly  J\'{a}rmai},
  title =        {Fatigue constraints in the optimum design of welded structures},
  booktitle =    {Proceedings of the International Conference on Fatigue
                  of Welded Components and Structures},
  year =         {1996},
  editor =       {Lieurade, H.~P. and Rabbe, P.},
  volume =       {},
  series =       {Les Editions de Physique},
  pages  =       {49--56},
  address =      {},
  month =        {},
  organization = {Senlis, France},
  publisher =    {Les Ulis},
  note =         {},
  key =          {},
  crossref =     {},
  annote =       {},
}

@MANUAL{Manual1994,
  TITLE =        {Microsoft MS--DOS, Operating System Plus Enhanced Tools},
  author =       {},
  organization = {Microsoft Corporation},
  address =      {},
  edition =      {},
  month =        {},
  year =         {1994},
  note =         {(in Hungarian)},
  abstract =     {},
  keywords =     {},
  source =       {},
}

@PHDTHESIS{Paulino1995,
  AUTHOR =       {G. H. Paulino},
  TITLE =        {Novel {F}ormulations of the {B}oundary {E}lement {M}ethod for {F}racture
                  {M}echanics and {E}rror {E}stimation},
  SCHOOL =       {Cornel University, Ithaca, NY, USA},
  YEAR =         {1995},
  type =         {Ph. {D}. {D}issertation},
  address =      {},
  month =        {},
  note =         {},
  abstract =     {},
  keywords =     {},
  source =       {},
}
